@InProceedings{DP-Means,
  author =    {Brian Kulis and Michael Jordan},
  title =     {Revisiting k-means: New Algorithms via Bayesian Nonparametrics},
  booktitle = {Proceedings of the 29th International Conference on Machine Learning (ICML-12)},
  series =    {ICML '12},
  year =      {2012},
  editor =    {John Langford and Joelle Pineau},
  location =  {Edinburgh, Scotland, GB},
  isbn =      {978-1-4503-1285-1},
  month =     {July},
  publisher = {Omnipress},
  address =   {New York, NY, USA},
  pages=      {513--520},
}

@book{athreya2006measure,
  title={Measure theory and probability theory},
  author={Athreya, Krishna B and Lahiri, Soumendra N},
  year={2006},
  publisher={Springer Science \& Business Media}
}

@article{duchi2011adaptive,
  title={Adaptive subgradient methods for online learning and stochastic optimization.},
  author={Duchi, John and Hazan, Elad and Singer, Yoram},
  journal={Journal of machine learning research},
  volume={12},
  number={7},
  year={2011}
}


﻿@Article{Xu2015,
author={Xu, Dongkuan
and Tian, Yingjie},
title={A Comprehensive Survey of Clustering Algorithms},
journal={Annals of Data Science},
year={2015},
month={Jun},
day={01},
volume={2},
number={2},
pages={165-193},
issn={2198-5812},
doi={10.1007/s40745-015-0040-1},
url={https://doi.org/10.1007/s40745-015-0040-1}
}


@inproceedings{Arthur2007kmeansTA,
  title={k-means++: the advantages of careful seeding},
  author={David Arthur and Sergei Vassilvitskii},
  booktitle={ACM-SIAM Symposium on Discrete Algorithms},
  year={2007}
}


@ARTICLE{llyod-kmeans,
  author={Lloyd, S.},
  journal={IEEE Transactions on Information Theory}, 
  title={Least squares quantization in PCM}, 
  year={1982},
  volume={28},
  number={2},
  pages={129-137},
  doi={10.1109/TIT.1982.1056489}}


@Article{Chaturvedi2001,
author={Chaturvedi, Anil
and Green, Paul E.
and Caroll, J. Douglas},
title={K-modes Clustering},
journal={Journal of Classification},
year={2001},
month={Jan},
day={01},
volume={18},
number={1},
pages={35-55},
abstract={We norm (defined as the limit of an Lp norm as p approaches zero).},
issn={1432-1343},
doi={10.1007/s00357-001-0004-3},
url={https://doi.org/10.1007/s00357-001-0004-3}
}

@ARTICLE{Raykov2016-mg,
  title    = "What to Do When {K}-{M}eans Clustering Fails: A Simple yet Principled Alternative Algorithm",
  author   = "Raykov, Yordan P and Boukouvalas, Alexis and Baig, Fahd and Little, Max A",
  journal  = "PLoS One",
  volume   =  11,
  number   =  9,
  pages    = "e0162259",
  month    =  sep,
  year     =  2016,
  address  = "United States",
  language = "en"
}


@inproceedings{spectral-andrew-ng,
 author = {Ng, Andrew and Jordan, Michael and Weiss, Yair},
 booktitle = {Advances in Neural Information Processing Systems},
 editor = {T. Dietterich and S. Becker and Z. Ghahramani},
 pages = {},
 publisher = {MIT Press},
 title = {On Spectral Clustering: Analysis and an algorithm},
 url = {https://proceedings.neurips.cc/paper_files/paper/2001/file/801272ee79cfde7fa5960571fee36b9b-Paper.pdf},
 volume = {14},
 year = {2001}
}


@InProceedings{pmlr-v70-bachem17b,
  title = 	 {Distributed and Provably Good Seedings for k-Means in Constant Rounds},
  author =       {Olivier Bachem and Mario Lucic and Andreas Krause},
  booktitle = 	 {Proceedings of the 34th International Conference on Machine Learning},
  pages = 	 {292--300},
  year = 	 {2017},
  editor = 	 {Precup, Doina and Teh, Yee Whye},
  volume = 	 {70},
  series = 	 {Proceedings of Machine Learning Research},
  month = 	 {06--11 Aug},
  publisher =    {PMLR},
  url = 	 {https://proceedings.mlr.press/v70/bachem17b.html}
}

@article{minmax-km,
title = {The MinMax k-Means clustering algorithm},
journal = {Pattern Recognition},
volume = {47},
number = {7},
pages = {2505-2516},
year = {2014},
issn = {0031-3203},
doi = {https://doi.org/10.1016/j.patcog.2014.01.015},
url = {https://www.sciencedirect.com/science/article/pii/S0031320314000338},
author = {Grigorios Tzortzis and Aristidis Likas},
keywords = {Clustering, -Means, -Means initialization, Balanced clusters}
}


@book{hjort_holmes_müller_walker_2010, 
series={Cambridge Series in Statistical and Probabilistic Mathematics}, 
author={Hjort, N. L. and Holmes, C. and Müller, P. and Walker, S. G.},
title={Bayesian Nonparametrics}, 
DOI={10.1017/CBO9780511802478}, 
publisher={Cambridge University Press}, 
year={2010}, 
collection={Cambridge Series in Statistical and Probabilistic Mathematics}}


@article{k-median,
author = {Arora, Sanjeev and Raghavan, Prabhakar and Rao, Satish},
year = {2000},
month = {12},
pages = {},
title = {Approximation schemes for Euclidean k-Medians And Related Problems},
journal = {Conference Proceedings of the Annual ACM Symposium on Theory of Computing},
doi = {10.1145/276698.276718}
}

@inproceedings{bradley-k-median,
 author = {Bradley, Paul and Mangasarian, Olvi and Street, W.},
 booktitle = {Advances in Neural Information Processing Systems},
 editor = {M.C. Mozer and M. Jordan and T. Petsche},
 pages = {},
 publisher = {MIT Press},
 title = {Clustering via Concave Minimization},
 url = {https://proceedings.neurips.cc/paper_files/paper/1996/file/f4573fc71c731d5c362f0d7860945b88-Paper.pdf},
 volume = {9},
 year = {1996}
}

@InProceedings{xu-lange-2019,
  title = 	 {Power k-Means Clustering},
  author =       {Xu, Jason and Lange, Kenneth},
  booktitle = 	 {Proceedings of the 36th International Conference on Machine Learning},
  pages = 	 {6921--6931},
  year = 	 {2019},
  editor = 	 {Chaudhuri, Kamalika and Salakhutdinov, Ruslan},
  volume = 	 {97},
  series = 	 {Proceedings of Machine Learning Research},
  month = 	 {09--15 Jun},
  publisher =    {PMLR},
  pdf = 	 {http://proceedings.mlr.press/v97/xu19a/xu19a.pdf},
  url = 	 {https://proceedings.mlr.press/v97/xu19a.html}
}

@article{Zhang-1999-KHM,
  title={K-Harmonic Means - A Data Clustering Algorithm},
  author={Zhang, Bin and Hsu, Meichun and Dayal, Umeshwar},
  journal={Hewlett-Packard Labs Technical Report HPL-1999-124},
  volume={55},
  year={1999},
  publisher={HP Labs Palo Alto, CA, USA}
}

@article{k-means-outliers,
title = {A local search algorithm for k-means with outliers},
journal = {Neurocomputing},
volume = {450},
pages = {230-241},
year = {2021},
issn = {0925-2312},
doi = {https://doi.org/10.1016/j.neucom.2021.04.028},
url = {https://www.sciencedirect.com/science/article/pii/S0925231221005555},
author = {Zhen Zhang and Qilong Feng and Junyu Huang and Yutian Guo and Jinhui Xu and Jianxin Wang},
keywords = {Clustering, -Means, Outliers, Local search}
}


@inproceedings{paul2021uniform,
 author = {Paul, Debolina and Chakraborty, Saptarshi and Das, Swagatam and Xu, Jason},
 booktitle = {Advances in Neural Information Processing Systems},
 editor = {M. Ranzato and A. Beygelzimer and Y. Dauphin and P.S. Liang and J. Wortman Vaughan},
 pages = {8307--8319},
 publisher = {Curran Associates, Inc.},
 title = {Uniform Concentration Bounds toward a Unified  Framework for Robust Clustering},
 url = {https://proceedings.neurips.cc/paper_files/paper/2021/file/460b491b917d4185ed1f5be97229721a-Paper.pdf},
 volume = {34},
 year = {2021}
}


@misc{uci-database,
 author = "Markelle Kelly and Rachel Longjohn and Kolby Nottingham",
 title = "The {UCI} Machine Learning Repository"
}

@article{PAM-paper,
author = { Mark   Van der Laan  and  Katherine   Pollard  and  Jennifer   Bryan },
title = {A new partitioning around medoids algorithm},
journal = {Journal of Statistical Computation and Simulation},
volume = {73},
number = {8},
pages = {575-584},
year  = {2003},
publisher = {Taylor & Francis},
doi = {10.1080/0094965031000136012},
URL = {https://doi.org/10.1080/0094965031000136012}
}


@ARTICLE{Shah2017-jj,
  title    = "Robust continuous clustering",
  author   = "Shah, Sohil Atul and Koltun, Vladlen",
  journal  = "Proc Natl Acad Sci U S A",
  volume   =  114,
  number   =  37,
  pages    = "9814--9819",
  month    =  aug,
  year     =  2017,
  address  = "United States",
  keywords = "clustering; data analysis; unsupervised learning",
  language = "en"
}


@ARTICLE{SKM-paper,
  title     = "A framework for feature selection in clustering",
  author    = "Witten, Daniela M and Tibshirani, Robert",
  journal   = "J. Am. Stat. Assoc.",
  publisher = "Informa UK Limited",
  volume    =  105,
  number    =  490,
  pages     = "713--726",
  month     =  jun,
  year      =  2010,
  language  = "en"
}


@InProceedings{pmlr-v206-chakraborty23a,
  title = 	 {Clustering High-dimensional Data with Ordered Weighted $\ell_1$ Regularization},
  author =       {Chakraborty, Chandramauli and Paul, Sayan and Chakraborty, Saptarshi and Das, Swagatam},
  booktitle = 	 {Proceedings of The 26th International Conference on Artificial Intelligence and Statistics},
  pages = 	 {7176--7189},
  year = 	 {2023},
  editor = 	 {Ruiz, Francisco and Dy, Jennifer and van de Meent, Jan-Willem},
  volume = 	 {206},
  series = 	 {Proceedings of Machine Learning Research},
  month = 	 {25--27 Apr},
  publisher =    {PMLR},
  pdf = 	 {https://proceedings.mlr.press/v206/chakraborty23a/chakraborty23a.pdf},
  url = 	 {https://proceedings.mlr.press/v206/chakraborty23a.html}
}


@article{friedman,
author = {Milton Friedman},
title = {The Use of Ranks to Avoid the Assumption of Normality Implicit in the Analysis of Variance},
journal = {Journal of the American Statistical Association},
volume = {32},
number = {200},
pages = {675-701},
year  = {1937},
publisher = {Taylor & Francis},
doi = {10.1080/01621459.1937.10503522},
URL = {https://www.tandfonline.com/doi/abs/10.1080/01621459.1937.10503522}
}


@article{brunetsaumard2020kbmom,
title = {K-bMOM: A robust Lloyd-type clustering algorithm based on bootstrap median-of-means},
journal = {Computational Statistics \& Data Analysis},
volume = {167},
pages = {107370},
year = {2022},
issn = {0167-9473},
doi = {https://doi.org/10.1016/j.csda.2021.107370},
url = {https://www.sciencedirect.com/science/article/pii/S0167947321002048},
author = {Camille Brunet-Saumard and Edouard Genetay and Adrien Saumard},
keywords = {Bootstrap, Breakdown point, Color quantization, Adversarial contamination, Median-of-means, Robust clustering}
}


@misc{lerasle2019lecture,
      title={Lecture Notes: Selected topics on robust statistical learning theory}, 
      author={Matthieu Lerasle},
      year={2019},
      eprint={1908.10761},
      archivePrefix={arXiv},
      primaryClass={stat.ML}
}


@Article{Hubert1985,
author={Hubert, Lawrence
and Arabie, Phipps},
title={Comparing partitions},
journal={Journal of Classification},
year={1985},
month={Dec},
day={01},
volume={2},
number={1},
pages={193-218},
issn={1432-1343},
doi={10.1007/BF01908075},
url={https://doi.org/10.1007/BF01908075}
}


@article{BREGMAN1967200,
title = {The relaxation method of finding the common point of convex sets and its application to the solution of problems in convex programming},
journal = {USSR Computational Mathematics and Mathematical Physics},
volume = {7},
number = {3},
pages = {200-217},
year = {1967},
issn = {0041-5553},
doi = {https://doi.org/10.1016/0041-5553(67)90040-7},
url = {https://www.sciencedirect.com/science/article/pii/0041555367900407},
author = {L.M. Bregman}
}


@InProceedings{jain-dataset,
author="Jain, Anil K.
and Law, Martin H. C.",
editor="Pal, Sankar K.
and Bandyopadhyay, Sanghamitra
and Biswas, Sambhunath",
title="Data Clustering: A User's Dilemma",
booktitle="Pattern Recognition and Machine Intelligence",
year="2005",
publisher="Springer Berlin Heidelberg",
address="Berlin, Heidelberg",
pages="1--10",
isbn="978-3-540-32420-1"
}

@article{paul2021a,
author = {Paul, Debolina and Chakraborty, Saptarshi and Das, Swagatam},
title = {On the uniform concentration bounds and large sample properties of clustering with Bregman divergences},
journal = {Stat},
volume = {10},
number = {1},
pages = {e360},
keywords = {Bregman divergence, clustering, rate of convergence, strong consistency, uniform deviation bounds, VC theory},
doi = {https://doi.org/10.1002/sta4.360},
url = {https://onlinelibrary.wiley.com/doi/abs/10.1002/sta4.360},
eprint = {https://onlinelibrary.wiley.com/doi/pdf/10.1002/sta4.360},
year = {2021}
}

@article{DUDLEY1967290,
title = {The sizes of compact subsets of Hilbert space and continuity of Gaussian processes},
journal = {Journal of Functional Analysis},
volume = {1},
number = {3},
pages = {290-330},
year = {1967},
issn = {0022-1236},
doi = {https://doi.org/10.1016/0022-1236(67)90017-1},
url = {https://www.sciencedirect.com/science/article/pii/0022123667900171},
author = {R.M Dudley}
}

@book{FoML-mohri,
author = {Mohri, Mehryar and Rostamizadeh, Afshin and Talwalkar, Ameet},
title = {Foundations of Machine Learning},
year = {2018},
isbn = {0262039400},
publisher = {The MIT Press},
edition = {2nd}
}

@article{lecue2020robust,
  title={Robust classification via MOM minimization},
  author={Lecu{\'e}, Guillaume and Lerasle, Matthieu and Mathieu, Timloth{\'e}e},
  journal={Machine learning},
  volume={109},
  pages={1635--1665},
  year={2020},
  publisher={Springer}
}

@book{shalev-shwartz_ben-david_2014, 
    place={Cambridge}, 
    title={Understanding Machine Learning: From Theory to Algorithms}, 
    DOI={10.1017/CBO9781107298019}, 
    publisher={Cambridge University Press}, 
    author={Shalev-Shwartz, Shai and Ben-David, Shai}, 
    year={2014}
}

@Manual{R-lang,
    title = {R: A Language and Environment for Statistical Computing},
    author = {{R Core Team}},
    organization = {R Foundation for Statistical Computing},
    address = {Vienna, Austria},
    year = {2022},
    url = {https://www.R-project.org/},
  }

@article{pollard1981strong,
  title={Strong consistency of k-means clustering},
  author={Pollard, David},
  journal={The Annals of Statistics},
  pages={135--140},
  year={1981},
  publisher={JSTOR}
}

@article{terada2014strong,
  title={Strong consistency of reduced k-means clustering},
  author={Terada, Yoshikazu},
  journal={Scandinavian Journal of Statistics},
  volume={41},
  number={4},
  pages={913--931},
  year={2014},
  publisher={Wiley Online Library}
}

@inproceedings{chakraborty2020entropy,
  title={Entropy weighted power k-means clustering},
  author={Chakraborty, Saptarshi and Paul, Debolina and Das, Swagatam and Xu, Jason},
  booktitle={International conference on artificial intelligence and statistics},
  pages={691--701},
  year={2020},
  organization={PMLR}
}

@book{bishop2006pattern,
  title={Pattern recognition and machine learning},
  author={Bishop, Christopher M and Nasrabadi, Nasser M},
  volume={4},
  year={2006},
  publisher={Springer}
}

@article{murphy2018machine,
  title={Machine Learning: A Probabilistic Perspective (Adaptive Computation and Machine Learning Series)},
  author={Murphy, Kevin P},
  journal={The MIT Press: London, UK},
  year={2018}
}

@misc{nemirovsky1983wiley,
  title={Wiley-Interscience Series in Discrete Mathematics},
  author={Nemirovsky, AS and Yudin, DB and DAWSON, ER},
  journal={Problem complexity and method efficiency in optimization},
  year={1983},
  publisher={John Wiley \& Sons, Inc New York}
}

@article{devroye-MoM,
author = {Luc Devroye and Matthieu Lerasle and Gabor Lugosi and Roberto I. Oliveira},
title = {{Sub-Gaussian mean estimators}},
volume = {44},
journal = {The Annals of Statistics},
number = {6},
publisher = {Institute of Mathematical Statistics},
pages = {2695 -- 2725},
keywords = {minimax bounds, Sub-Gaussian estimators},
year = {2016},
doi = {10.1214/16-AOS1440},
URL = {https://doi.org/10.1214/16-AOS1440}
}

@book{wainwright_2019, 
place={Cambridge}, 
series={Cambridge Series in Statistical and Probabilistic Mathematics}, 
title={High-Dimensional Statistics: A Non-Asymptotic Viewpoint},
DOI={10.1017/9781108627771}, 
publisher={Cambridge University Press}, 
author={Wainwright, Martin J.}, 
year={2019}, 
collection={Cambridge Series in Statistical and Probabilistic Mathematics}}